quarter,date,time,revenue,stock_price,net_income,net_cash_change,return_on_equity
1,3/31/18,24,11966,174.16,4988,4006,0.26258
2,6/30/18,25,13231,176.26,5106,-542,0.260172
3,9/30/18,26,13727,151.79,5137,-1924,0.257292
4,12/31/18,27,16914,166.69,6882,380,0.334748
1,3/31/19,28,15077,193.26,2429,1073,0.113872
2,6/30/19,29,16886,200.71,2616,2801,0.119396
3,9/30/19,30,17652,191.65,6091,2082,0.26662
4,12/31/19,31,21082,209.53,7349,3199,0.301412
